<?xml version="1.0" encoding="UTF-8"?><collection><record><leader>06933ntm a2200649 a 4500</leader><controlfield tag="001">006837281</controlfield><controlfield tag="003">MiAaHDL</controlfield><controlfield tag="005">20190719000000.0</controlfield><controlfield tag="006">m        d        </controlfield><controlfield tag="007">cr bn ---auaua</controlfield><controlfield tag="008">090709s18uu    xx            00| ||per d</controlfield><datafield tag="035" ind1=" " ind2=" "><subfield code="a">(MiU)006837281</subfield></datafield><datafield tag="035" ind1=" " ind2=" "><subfield code="a">sdr-miu006837281</subfield></datafield><datafield tag="040" ind1=" " ind2=" "><subfield code="a">MiU</subfield><subfield code="c">MiU</subfield><subfield code="e">amremm</subfield></datafield><datafield tag="043" ind1=" " ind2=" "><subfield code="a">n-us-mi</subfield></datafield><datafield tag="100" ind1="1" ind2=" "><subfield code="6">880-01</subfield><subfield code="a">Qatīl, Muḥammad Ḥasan.</subfield></datafield><datafield tag="245" ind1="1" ind2="0"><subfield code="6">880-03</subfield><subfield code="a">[Shajarat al-amānī va Risālah-i Zubdat al-qavāʻid,</subfield><subfield code="f">19th century?].</subfield></datafield><datafield tag="246" ind1="3" ind2="8"><subfield code="a">Shadjaratu l-amani va Zubdatu l-qawa'id</subfield></datafield><datafield tag="260" ind1=" " ind2=" "><subfield code="c">[18--?].</subfield></datafield><datafield tag="300" ind1=" " ind2=" "><subfield code="a">41 leaves :</subfield><subfield code="b">paper ;</subfield><subfield code="c">211-216 x 145-151 (180 x 95, 150 x 100) mm. bound to 223 x 158 mm.</subfield></datafield><datafield tag="500" ind1=" " ind2=" "><subfield code="a">Shelfmark: Ann Arbor, University of Michigan, Special Collections Library, Isl. Ms. 876</subfield></datafield><datafield tag="500" ind1=" " ind2=" "><subfield code="a">Origin: Lacks dated colophon ; hand, paper, etc. suggest 19th century.</subfield></datafield><datafield tag="500" ind1=" " ind2=" "><subfield code="a">Accompanying materials: a. Slip with description in hand of G. Meredith-Owens "MO II PERSIAN | Shajarat al-amānī. Rules of grammar explained in Persian followed by a similar work entitled Zubdat al-qawāʻid." (paginated pp.1-2) -- b. Recycled card with note in hand of Emilie Savage-Smith [?] "binding by Menzies, London, 1914" (paginated pp.3-4) -- c. Slip with note "Persian MSS (Heyworth-Dunne?) with Meredith-Owens notes" (paginated pp.5-6) -- d. Slip with note "counted for 1968/69 Annual Report" (paginated pp.7-8) -- e. Tag with "#9" -- f. Slip torn from a ruled notebook tipped-in describing second work with title, author, etc. in black ink "فارسى نثر زبدة القواعد يعنى [؟] خلاصه قواعد صرف فارسى تاليف مير مهدى ..."</subfield></datafield><datafield tag="500" ind1=" " ind2=" "><subfield code="a">Former shelfmark: Mich. Isl. Ms. temp. no. 25</subfield></datafield><datafield tag="500" ind1=" " ind2=" "><subfield code="a">Binding: Boards covered in mauve paper (in blotched design evoking marbling) with brown leather over spine and board corners (half binding) ; Western style binding ; pastedowns and flyleaves in 'marbled' wove paper (mainly in beige and blue) ; spine gold-stamped with title "SHADJARATU L-AMĀNĪ VA ZUBDATU L-QAWĀʻID" ; sewn in cream thread over recessed cords ; stuck-on endbands in red, blue-green and white ; overall in fairly good condition with minor abrasion of leather at spine and board edges.</subfield></datafield><datafield tag="500" ind1=" " ind2=" "><subfield code="a">Support: non-European laid (likely Persian or Indian) paper of two main types ; opening work on a type with 9-10 laid lines per cm. (vertical, fairly indistinct, curving) and no chain lines plainly visible, quite cloudy formation, thin and transluscent though sturdy, well-burnished, dark cream in color ; second work on a type with roughly 8 laid lines per cm. (horizontal, fairly indistinct, curving) and irregular chain lines faintly visible (see p.84), cloudy formation, inclusions and fibers visible, thin and transluscent though sturdy, well-burnished, beige in color ; added / replacement leaves in European wove paper.</subfield></datafield><datafield tag="500" ind1=" " ind2=" "><subfield code="a">Decoration: Section headings and keywords rubricated.</subfield></datafield><datafield tag="500" ind1=" " ind2=" "><subfield code="a">Script: Nastaʻlīq and taʻlīq with elements of shikastah ; two elegant hands ; opening work in a compact nastaʻlīq, serifless with effect of words descending to baseline, elongation of horizontal strokes, pointing in strokes or conjoined dots ; second work in a taʻlīq with elements of shikastah, partially seriffed with left slopin head-serifs, leftward foot on alif, many swooping descenders (some recurved or reversed), effect of words descending to baseline, pointing in strokes rather than distinct dots, somewhat freely ligatured.</subfield></datafield><datafield tag="500" ind1=" " ind2=" "><subfield code="a">Layout: Written in 19-20 and 11 lines per page ; frame-ruled.</subfield></datafield><datafield tag="500" ind1=" " ind2=" "><subfield code="a">Collation: iv, IV (8), IV-4 (12), II (16), IV (24), II+1 (29), 2 (31), V (41), i ; mainly quaternions ; blank leaves added at opening and close of codex (including final quinion), as well as between the two works ; catchwords present ; pagination in black ink, Western numerals (distinct for each text) ; pagination in pencil, Western numerals, supplied during digitization (includes most inserts and central added leaves).</subfield></datafield><datafield tag="500" ind1=" " ind2=" "><subfield code="a">Explicit: [Shajarat al-amānī ] "بلاغت از مقلدان ربوده تمام شد" ; [Risālah-i Zubdat al-qavāʻid] "حلقۀ طوق مكر ساخت تمت تمام شد تم تم تم تم تم تم تم"</subfield></datafield><datafield tag="500" ind1=" " ind2=" "><subfield code="a">Incipit: [Shajarat al-amānī ] "فصيح ترين كلامى كه از جوش صفا گوهر شاهوار و لولوى آبدار را در عرق خجالت ... قتيل زوليده بيان كويد كه اين مختصر مسمى بشجرة الامانى سطرى جند است ..." ; [Risālah-i Zubdat al-qavāʻid] "الحمد لله رب العالمين رضوان [؟] الله على رسوله محمد خان المرسلين ... اما بعد اين رساله زبدة القواعد قليل الحجم كثير الفوائد ... بالتقصير [؟] مير مهدى ..."</subfield></datafield><datafield tag="500" ind1=" " ind2=" "><subfield code="a">Title supplied by cataloguer from opening matter of first work on p.12 and of second work on p.43.</subfield></datafield><datafield tag="500" ind1=" " ind2=" "><subfield code="a">Ms. composite codex.</subfield></datafield><datafield tag="505" ind1="0" ind2=" "><subfield code="a">6. p.70-92 : [blank].</subfield></datafield><datafield tag="505" ind1="0" ind2=" "><subfield code="a">5. p.69 : [fragments carrying descriptions].</subfield></datafield><datafield tag="505" ind1="0" ind2=" "><subfield code="a">4. p.68 : [blank].</subfield></datafield><datafield tag="505" ind1="0" ind2=" "><subfield code="a">3. p.43-p.66 : Risālah-i Zubdat al-qavāʻid / Mīr Mahdī [?].</subfield></datafield><datafield tag="505" ind1="0" ind2=" "><subfield code="a">2. p.34-p.42 : [blank, apart from abandoned opening on p.34].</subfield></datafield><datafield tag="505" ind1="0" ind2=" "><subfield code="a">1. p.12-p.33 : Shajarat al-amānī / Muḥammad Ḥasan Qatīl.</subfield></datafield><datafield tag="520" ind1="8" ind2=" "><subfield code="a">Careful composite copy of two concise grammatical treatises, Shajarat alamānī, a work on Persian grammar and rhetoric by Muḥammad Ḥasan Dihlavī, known as Qatīl (d.1817), and Risālah-i Zubdat al-qavāʻid, a work on Persian grammar attributed to one Mīr Mahdī.</subfield></datafield><datafield tag="538" ind1=" " ind2=" "><subfield code="a">Mode of access: Internet.</subfield></datafield><datafield tag="541" ind1=" " ind2=" "><subfield code="c">Gift ;</subfield><subfield code="a">Acquired from Frank E. Nuttall (1875-1943).</subfield></datafield><datafield tag="546" ind1=" " ind2=" "><subfield code="a">Persian.</subfield></datafield><datafield tag="561" ind1=" " ind2=" "><subfield code="a">Two fragments from original leaf affixed to added leaf at close (p.69) carry title and author of second work and description of another in both brown ink "3. Risala Khawaid by Meer Mehdee [?] | 3. A Persian grammar in Persian of no great repute" ; back flyleaf stamped in black ink "FAZAKERLEY BINDER" ; glosses and marginal corrections.</subfield></datafield><datafield tag="650" ind1=" " ind2="0"><subfield code="a">Manuscripts, Persian</subfield><subfield code="z">Michigan</subfield><subfield code="z">Ann Arbor.</subfield></datafield><datafield tag="650" ind1=" " ind2="0"><subfield code="a">Persian language</subfield><subfield code="x">Rhetoric.</subfield></datafield><datafield tag="650" ind1=" " ind2="0"><subfield code="a">Persian language</subfield><subfield code="x">Grammar.</subfield></datafield><datafield tag="700" ind1="1" ind2=" "><subfield code="a">Nuttall, Frank E.,</subfield><subfield code="d">1875-1943,</subfield><subfield code="e">former owner.</subfield></datafield><datafield tag="700" ind1="0" ind2=" "><subfield code="6">880-05</subfield><subfield code="a">Mīr Mahdī.</subfield><subfield code="t">Risālah-i Zubdat al-qavāʻid.</subfield></datafield><datafield tag="740" ind1="0" ind2="2"><subfield code="a">رساله زبده القواعد</subfield></datafield><datafield tag="740" ind1="0" ind2="2"><subfield code="a">زبدت القواعد</subfield></datafield><datafield tag="740" ind1="0" ind2="2"><subfield code="a">Zubdat al-qavāʻid</subfield></datafield><datafield tag="773" ind1="0" ind2=" "><subfield code="a">F. E. Nuttall Collection.</subfield></datafield><datafield tag="880" ind1="0" ind2=" "><subfield code="6">700-05/</subfield><subfield code="a">مير مهدى.</subfield><subfield code="t">رساله زبدة القواعد.</subfield></datafield><datafield tag="880" ind1="1" ind2="0"><subfield code="6">245-03/</subfield><subfield code="a">[شجرت الامانى و رساله زبدة القواعد,</subfield><subfield code="f">قرن 19م؟].</subfield></datafield><datafield tag="880" ind1="1" ind2=" "><subfield code="6">100-01/</subfield><subfield code="a">قتيل، محمد حسن.</subfield></datafield><datafield tag="CID" ind1=" " ind2=" "><subfield code="a">006837281</subfield></datafield><datafield tag="DAT" ind1="0" ind2=" "><subfield code="a">20190719102641.0</subfield><subfield code="b">20190719000000.0</subfield></datafield><datafield tag="DAT" ind1="1" ind2=" "><subfield code="a">20190719090653.0</subfield><subfield code="b">2019-07-19T16:11:06Z</subfield></datafield><datafield tag="DAT" ind1="2" ind2=" "><subfield code="a">2015-10-02T18:00:03Z</subfield></datafield><datafield tag="CAT" ind1=" " ind2=" "><subfield code="a">SDR-MIU</subfield><subfield code="d">EX LIBRIS - ALEPH</subfield><subfield code="l">prepare.pl-004-008</subfield></datafield><datafield tag="FMT" ind1=" " ind2=" "><subfield code="a">BK</subfield></datafield><datafield tag="HOL" ind1=" " ind2=" "><subfield code="0">sdr-miu006837281</subfield><subfield code="a">MiU</subfield><subfield code="b">SDR</subfield><subfield code="c">MIU</subfield><subfield code="p">mdp.39015079132539</subfield><subfield code="s">MIU</subfield><subfield code="1">006837281</subfield></datafield><datafield tag="974" ind1=" " ind2=" "><subfield code="b">MIU</subfield><subfield code="c">MIU</subfield><subfield code="d">20190719</subfield><subfield code="s">lit-dlps-dc</subfield><subfield code="u">mdp.39015079132539</subfield><subfield code="y">1899</subfield><subfield code="r">pd</subfield><subfield code="q">exp</subfield></datafield></record></collection>